<record><leader>00000cas a22000007a 4500</leader><controlfield tag="001">14256657</controlfield><controlfield tag="008">860924d189u1uuutxuwr ne      0    0eng d</controlfield><datafield ind1=" " ind2=" " tag="010"><subfield code="a">sn 86089224 </subfield></datafield><datafield ind1=" " ind2=" " tag="040"><subfield code="a">PPM</subfield><subfield code="b">eng</subfield><subfield code="c">PPM</subfield><subfield code="d">OCLCQ</subfield></datafield><datafield ind1=" " ind2=" " tag="042"><subfield code="a">msc</subfield></datafield><datafield ind1="0" ind2="4" tag="245"><subfield code="a">The Weekly Marlin ball.</subfield></datafield><datafield ind1=" " ind2=" " tag="260"><subfield code="a">Marlin, Tex. :</subfield><subfield code="b">T.C. Oltorf</subfield></datafield><datafield ind1=" " ind2=" " tag="300"><subfield code="a">v. :</subfield><subfield code="b">ill. ;</subfield><subfield code="c">64 cm.</subfield></datafield><datafield ind1=" " ind2=" " tag="310"><subfield code="a">Weekly</subfield></datafield><datafield ind1=" " ind2=" " tag="588"><subfield code="a">Description based on: Oct. 23, 1890 issue.</subfield></datafield><datafield ind1=" " ind2=" " tag="752"><subfield code="a">United States</subfield><subfield code="b">Texas</subfield><subfield code="c">Falls</subfield><subfield code="d">Marlin.</subfield></datafield><datafield ind1="0" ind2="0" tag="780"><subfield code="t">Marlin ball</subfield><subfield code="w">(DLC)sn 85033376</subfield></datafield><datafield ind1="0" ind2="0" tag="785"><subfield code="t">Ball (Marlin, Tex.)</subfield><subfield code="w">(DLC)sn 91072512</subfield></datafield></record>